@article{brazilANN,
Author = {Wei Fan and Zegeye Gurmu},
Title = {Dynamic Travel Time Prediction Models for Buses Using Only GPS Data},
Journal = {International Journal of Transportation Science and Technology},
Year = {2015},
Volume={4},
Number={4},
Pages={353--366}
}
@article{RNN,
Author = {J.T. Connor and R.D. Martin and L.E. Atlas},
Title = {Recurrent neural networks and robust time series prediction},
Journal = {IEEE Transactions on Neural Networks},
Year = {1994},
Volume={5},
Number={2},
Pages={240--254}
}
@article{RNNBusPredictions,
Author = {Junbiao Pang  and Jing Huang and Yong Du and Haitao Yu and Qingming Huang and Baocai Yin},
Title = {Learning to Predict Bus Arrival Time From Heterogeneous Measurements via Recurrent Neural Network},
Journal = {IEEE Transactions on Intelligent Transportation Systems},
Year = {2018},
Pages={1--11}
}
@article{kalmanANN,
Author = {Cong Bai and Zhong-Ren Peng and Qing-Chang Lu and Jian Sun},
Title = {Dynamic Bus Travel Time Prediction Models on Road with Multiple Bus Routes},
Journal = {Computational Intelligence and Neuroscience},
Year = {2015},
Volume={2015, Article ID 432389}
}
@inproceedings{kalmanPrediction,
 author = {Jiann-Shiou Yang},
 title = {Travel time prediction using the GPS test vehicle and Kalman filtering techniques},
 booktitle = {Proceedings of the 2005, American Control Conference},
 series = {ACC '05},
 year = {2005},
 publisher = {IEEE},
 address = {Portland, OR, USA},
} 

@inproceedings{malaysiaANN,
 author = {Mansur As and Tsunenori Mine},
 title = {Dynamic Bus Travel Time Prediction Using an ANN-based Model},
 booktitle = {Proceedings of the 12th International Conference on Ubiquitous Information Management and Communication},
 series = {IMCOM '18},
 year = {2018},
 publisher = {ACM},
 address = {New York, NY, USA},
} 

@book{Goodfellow-et-al-2016,
    title={Deep Learning},
    author={Ian Goodfellow and Yoshua Bengio and Aaron Courville},
    publisher={MIT Press},
    note={\url{http://www.deeplearningbook.org}},
    year={2016}
}

@book{Bishop-2006,
    title={Pattern Recognition and Machine Learning},
    author={Christopher Bishop},
    publisher={Springer},
    year={2006}
}

@book{Rasmussen-Williams-2006,
    title={Gaussian Processes for Machine Learning},
    author={Carl Rasmussen and Christopher Williams},
    publisher={MIT Press},
    year={2006}
}

@inproceedings{pmlr-v15-glorot11a,
  title = 	 {Deep Sparse Rectifier Neural Networks},
  author = 	 {Xavier Glorot and Antoine Bordes and Yoshua Bengio},
  booktitle = 	 {Proceedings of the Fourteenth International Conference on Artificial Intelligence and Statistics},
  pages = 	 {315--323},
  year = 	 {2011},
  editor = 	 {Geoffrey Gordon and David Dunson and Miroslav Dud√≠k},
  volume = 	 {15},
  series = 	 {Proceedings of Machine Learning Research},
  address = 	 {Fort Lauderdale, FL, USA},
  month = 	 {11--13 Apr},
  publisher = 	 {PMLR},
  pdf = 	 {http://proceedings.mlr.press/v15/glorot11a/glorot11a.pdf},
  url = 	 {http://proceedings.mlr.press/v15/glorot11a.html},
}
@article{MAPE,
Author = {Zhuo Chen and Yuhong Yang},
Title = {Assessing Forecast Accuracy Measures},
Year = {2004},
url ={https://www.researchgate.net/publication/228774888_Assessing_forecast_accuracy_measures}
}

@inproceedings{ImageNet,
 author = {Krizhevsky, Alex and Sutskever, Ilya and Hinton, Geoffrey E.},
 title = {ImageNet Classification with Deep Convolutional Neural Networks},
 booktitle = {Proceedings of the 25th International Conference on Neural Information Processing Systems - Volume 1},
 series = {NIPS'12},
 year = {2012},
 location = {Lake Tahoe, Nevada},
 pages = {1097--1105},
 numpages = {9},
 url = {http://dl.acm.org/citation.cfm?id=2999134.2999257},
 acmid = {2999257},
 publisher = {Curran Associates Inc.},
 address = {USA},
} 

@book{Demuth,
 author = {Demuth, Howard B. and Beale, Mark H. and De Jess, Orlando and Hagan, Martin T.},
 title = {Neural Network Design},
 year = {2014},
 isbn = {0971732116, 9780971732117},
 edition = {2nd},
 publisher = {Martin Hagan},
 address = {USA},
} 

@article{kotter2004risks,
	title={Risks and opportunities of urbanisation and megacities},
	author={K{\"o}tter, Theo},
	journal={Proceedings of the FIG Working Week, Athens, Greece, http://www. fig. net/pub/athens/papers/ps02/ps02\_2\_kotter. pdf},
	year={2004}
}
